<record><leader>00000cas a2200000 a 4500</leader><controlfield tag="001">22459358</controlfield><controlfield tag="008">901002d1925193uwauwr ne      0    0eng d</controlfield><datafield ind1=" " ind2=" " tag="010"><subfield code="a">sn 90098843 </subfield></datafield><datafield ind1=" " ind2=" " tag="040"><subfield code="a">SLZ</subfield><subfield code="b">eng</subfield><subfield code="c">SLZ</subfield><subfield code="d">OCL</subfield><subfield code="d">OCLCQ</subfield><subfield code="d">OCLCF</subfield><subfield code="d">OCLCO</subfield></datafield><datafield ind1="1" ind2=" " tag="029"><subfield code="a">AU@</subfield><subfield code="b">000025883191</subfield></datafield><datafield ind1=" " ind2=" " tag="042"><subfield code="a">msc</subfield></datafield><datafield ind1=" " ind2=" " tag="043"><subfield code="a">n-us-wa</subfield></datafield><datafield ind1="0" ind2=" " tag="130"><subfield code="a">McCleary stimulator, (McCleary, Wash. : 1925)</subfield></datafield><datafield ind1="1" ind2="0" tag="245"><subfield code="a">McCleary stimulator.</subfield></datafield><datafield ind1=" " ind2=" " tag="260"><subfield code="a">McCleary, Wash. :</subfield><subfield code="b">Ray Craft, Editor</subfield></datafield><datafield ind1=" " ind2=" " tag="300"><subfield code="a">v.</subfield></datafield><datafield ind1=" " ind2=" " tag="310"><subfield code="a">Weekly</subfield></datafield><datafield ind1="0" ind2=" " tag="362"><subfield code="a">Vol. 1, no. 2 (Nov. 6, 1925)-v. 5, no. 9 (Feb. 9, 1930).</subfield></datafield><datafield ind1=" " ind2="0" tag="651"><subfield code="a">McCleary (Wash.)</subfield><subfield code="v">Newspapers.</subfield></datafield><datafield ind1=" " ind2="7" tag="655"><subfield code="a">Newspapers.</subfield><subfield code="2">fast</subfield><subfield code="0">(OCoLC)fst01423814</subfield></datafield><datafield ind1=" " ind2="7" tag="651"><subfield code="a">Washington (State)</subfield><subfield code="z">McCleary.</subfield><subfield code="2">fast</subfield><subfield code="0">(OCoLC)fst01232485</subfield></datafield><datafield ind1=" " ind2=" " tag="752"><subfield code="a">United States</subfield><subfield code="b">Washington</subfield><subfield code="c">Grays Harbor</subfield><subfield code="d">McCleary.</subfield></datafield></record>